/Users/Claudius/Documents/MyLiterature/Literature.bib