/data3/claudius/Big_Data/ANGSD/FST/Literature.bib